@Article{ dupont2008qsm,
	title = "{The QSM algorithm and its application to software behavior model induction}",
	author = "P. Dupont and B. Lambeau and C. Damas and A. van Lamsweerde",
	journal = "Applied Artificial Intelligence",
	volume = "22",
	number = "1",
	pages = "77--115",
	issn = "0883-9514",
	year = "2008",
	publisher = "Taylor \& Francis"
}

@misc{ statechum,
        key = "statechum",
	title = "{StateChum}",
	note = "http://statechum.sourceforge.net/"
}

@InProceedings{ arts2010test,
	title = "{From test cases to FSMs: augmented test-driven development and property inference}",
	author = "T. Arts and S. Thompson",
	booktitle = "Proceedings of the 9th ACM SIGPLAN workshop on Erlang",
	pages = "1--12",
	year = "2010",
	organization = "ACM"
}

@InProceedings{ walkinshaw2007reverse,
	title = "{Reverse engineering state machines by interactive grammar inference}",
	author = "N. Walkinshaw and K. Bogdanov and M. Holcombe and S. Salahuddin",
	booktitle = "Working Conference on Reverse Engineering",
	pages = "209--218",
	issn = "1095-1350",
	year = "2007",
}

@Book{ beck2003test,
	title = "{Test-driven development: by example}",
	author = "K. Beck",
	isbn = "0321146530",
	year = "2003",
	publisher = "Addison-Wesley Professional"
}


@inproceedings{walkinshaw2008inferring,
 author = {Walkinshaw, N. and Bogdanov, K.},
 title = "{Inferring Finite-State Models with Temporal Constraints}",
 booktitle = "{Proceedings of the 2008 23rd IEEE/ACM International Conference on Automated Software Engineering}",
 series = {ASE '08},
 year = {2008},
 publisher = {IEEE Computer Society},
 address = {Washington, DC, USA},
 keywords = {inference process, finite state machine-based abstraction, temporal constraint, software behaviour, semi automated verification, semi automated validation, reverse engineer, temporal logic formulae},
} 


@misc{ eunit_user_guide,
        key = "eunit",
	title = "{EUnit User's Guide}",
	note = "http://www.erlang.org/doc/apps/eunit/chapter.html"
}
@inproceedings{DBLP:conf/tap/ClaessenSH10,
  author    = {Koen Claessen and
               Nicholas Smallbone and
               John Hughes},
  title     = {QuickSpec: Guessing Formal Specifications Using Testing},
  booktitle = {TAP},
  year      = {2010},
  pages     = {6-21},
  ee        = {http://dx.doi.org/10.1007/978-3-642-13977-2_3},
  crossref  = {DBLP:conf/tap/2010},
  bibsource = {DBLP, http://dblp.uni-trier.de}
}



@inproceedings{eunit,
	Address = {New York, NY, USA},
	Author = {Carlsson, Richard and R\'{e}mond, Micka\"{e}l},
	Booktitle = "{Proceedings of the 2006 ACM SIGPLAN workshop on Erlang}",
	Keywords = {Erlang, agile methods, frameworks, unit testing},
	Series = {ERLANG '06},
	Title = "{EUnit: a lightweight unit testing framework for Erlang}",
	Year = {2006}}

@inproceedings{QuickSpec,
 author = {Claessen, Koen and Smallbone, Nicholas and Hughes, John},
 title = "{QuickSpec: guessing formal specifications using testing}",
 booktitle = "{Proceedings of the 4th international conference on Tests and proofs}",
 series = {TAP'10},
 year = {2010},
 location = {M\&\#225;laga, Spain},
 publisher = {Springer-Verlag},
} 

@book{inference,
title = "{Grammatical Inference: Theoretical Results and Applications; 10th International Colloquium, ICGI 2010, Valencia, Spain}", 
series = {Lecture Notes in Computer Science}, 
Volume = 6339,
editor = {José Sempere and Pedro García},
 publisher = {Springer-Verlag},
year = 2010}

@inproceedings{STAMINA,
author = "Neil Walkinshaw and Kirill Bogdanov and Christophe Damas and  Bernard Lambeau and Pierre Dupont",
title = "{A Framework for the Competitive Evaluation of Model Inference Techniques}",
booktitle = "{1st International Workshop on Model Inference In Testing}",
year = 2010}

@inproceedings{RefTest2011,
	Author = {Huiqing Li and Simon Thompson and Thomas Arts},
	Booktitle = {Proceedings of the Refactoring and Testing Workshop (RefTest 2011)},
	Editor = {Steve Counsell},
	Keywords = {model, refactoring, clone detection, Wrangler, Erlang, property QuickCheck},
	Numpages = {2},
	Publication_Type = {inproceedings},
	Publisher = {IEEE digital library},
	Refereed = {yes},
	Title = {{Extracting Properties from Test Cases by Refactoring}},
	Year = {2011}
}